@Manual{R-base,
  title = {R: A Language and Environment for Statistical Computing},
  author = {{R Core Team}},
  organization = {R Foundation for Statistical Computing},
  address = {Vienna, Austria},
  year = {2016},
  url = {https://www.R-project.org/},
}

@book{hughshallet2017,
  title     = "Calculus: Single Variable",
  edition   = "7th",
  author    = "Hughes-Hallett,  Deborah  and McCallum,  William G. and Gleason,  Andrew M. and others",
  year      = 2017,
  publisher = "John Wiley & Sons",
}
